@InProceedings{Gupta2017,
  author       = {Gupta, Jayesh K and Egorov, Maxim and Kochenderfer, Mykel},
  booktitle    = {International Conference on Autonomous Agents and Multiagent Systems},
  title        = {Cooperative multi-agent control using deep reinforcement learning},
  year         = {2017},
  organization = {Springer},
  pages        = {66--83},
  url          = {https://link.springer.com/chapter/10.1007/978-3-319-71682-4_5},
}
